@inproceedings{weAreDynamo,
 author = {Salehi, Niloufar and Irani, Lilly C. and Bernstein, Michael S. and Alkhatib, Ali and Ogbe, Eva and Milland, Kristy and Clickhappier},
 title = {We Are Dynamo: Overcoming Stalling and Friction in Collective Action for Crowd Workers},
 booktitle = {Proceedings of the 33rd Annual ACM Conference on Human Factors in Computing Systems},
 series = {CHI '15},
 year = {2015},
 isbn = {978-1-4503-3145-6},
 location = {Seoul, Republic of Korea},
 pages = {1621--1630},
 numpages = {10},
 url = {http://doi.acm.org/10.1145/2702123.2702508},
 doi = {10.1145/2702123.2702508},
 acmid = {2702508},
 publisher = {ACM},
 address = {New York, NY, USA},
 keywords = {activism, amazon mechanical turk, collective action, design, human computation, infrastructure},
} 
